@online{mw_ellipse,
author = {Merriam Webster},
title = {Dictionary "Ellipse"},
date = {},
url = {https://www.merriam-webster.com/dictionary/ellipse},
note = {Accessed on 05.12.2022}
}

@online{leapfrog,
author = {Charles Varin},
title = {Leapfrog integration},
date = {2014-12-19},
url = {https://cvarin.github.io/CSci-Survival-Guide/leapfrog.html},
note = {}
}

@misc{lecture_notes_1b,
author = {Frode K. Hansen},
title = {AST2000 Lecture Notes - Part 1B - Celectial Mechanics: calculating the orbits},
year = {2022},
howpublished = {"\url{https://www.uio.no/studier/emner/matnat/astro/AST2000/h22/undervisningsmateriell/lecture_notes/part1b.pdf}"},
note = {}
}