@report{part3,
author = {Oskar Idland and Jannik Eschler},
title = {Planning and analysis of the journey and destination},
year = {2022},
howpublished = {},
note = {Accessed on 01.12.2022}
}

@online{hohmann_wiki,
author = {Wikipedia Foundation Inc.},
title = {Hohmann transfer orbit},
date = {2022-10-22},
url = {https://en.wikipedia.org/wiki/Hohmann_transfer_orbit},
note = {}
}