@report{part6,
author = {Oskar Idland and Jannik Eschler},
title = {Preparing for he landing},
year = {2022},
howpublished = {},
note = {Accessed on 04.12.2022}
}