@misc{lecture_notes_part1d,
author = {Frode K. Hansen},
title = {AST2000 Lecture Notes - Part 1D Electromagnetic Radiation},
year = {2022},
howpublished = {"\url{https://www.uio.no/studier/emner/matnat/astro/AST2000/h22/undervisningsmateriell/lecture_notes/part1d.pdf}"},
note = {Accessed on 14.10.2022}
}
