@misc{for_notat_3b,
author = {Frode K. Hansen},
title = {AST2000 Lecture Notes - Part 3B Stellar Birth},
year = {2022},
howpublished = {"\url{https://www.uio.no/studier/emner/matnat/astro/AST2000/h22/undervisningsmateriell/lecture_notes/part3b.pdf}"},
note = {Accessed on 01.12.2022}
}

@misc{for_notat_3c,
author = {Frode K. Hansen},
title = {AST2000 Lecture Notes - Part 3C Nuclear reactions in stellar cores},
year = {2022},
howpublished = {"\url{https://www.uio.no/studier/emner/matnat/astro/AST2000/h22/undervisningsmateriell/lecture_notes/part3c.pdf}"},
note = {Accessed on 01.12.2022}
}

@misc{for_notat_3d,
author = {Frode K. Hansen},
title = {AST2000 Lecture Notes - Part 3D From the main sequence to the giant stage},
year = {2022},
howpublished = {"\url{https://www.uio.no/studier/emner/matnat/astro/AST2000/h22/undervisningsmateriell/lecture_notes/part3d.pdf}"},
note = {Accessed on 01.12.2022}
}

@misc{for_notat_3e,
author = {Frode K. Hansen},
title = {AST2000 Lecture Notes - Part 3E The end state of stars},
year = {2022},
howpublished = {"\url{https://www.uio.no/studier/emner/matnat/astro/AST2000/h22/undervisningsmateriell/lecture_notes/part3e.pdf}"},
note = {Accessed on 01.12.2022}
}