@misc{project_description5,
author = {Frode K. Hansen},
title = {AST 2000 - Part 5 - Sattelite Launch},
year = {2022},
howpublished = {"\url{https://www.uio.no/studier/emner/matnat/astro/AST2000/h22/undervisningsmateriell/prosjektlop/prosjektdeler/part5.pdf}"},
note = {Accessed on 04.11.2022}
}

@misc{part2,
author = {Oskar Idland and Jannik Eschler},
title = {Simulating Planetary Orbits of a Solar System},
year = {2022},
howpublished = {},
note = {Accessed on 04.11.2022}
}

@misc{part1,
author = {Oskar Idland and Jannik Eschler},
title = {Simulation of a Rocket Engine and Launch},
year = {2022},
howpublished = {},
note = {Accessed on 04.11.2022}
}