@misc{Relevant_theory,
author = {Frode K, Hansen},
title = {AST 2000 - Part 4 - Onboard Orientation Software},
year = {2022},
howpublished = {"\url{https://www.uio.no/studier/emner/matnat/astro/AST2000/h22/undervisningsmateriell/prosjektlop/prosjektdeler/part4.pdf}"},
note = {Accessed on 2022-10-16}
}