%! Author = jannikeschler
%! Date = 12/12/2022

